@inproceedings{liu2013secure,
  title={Secure Name Resolution for Identifier-to-Locator Mappings in the Global Internet},
  author={Liu, Xiruo and Trappe, Wade and Zhang, Yanyong},
  booktitle={22nd IEEE International Conference on Computer Communications and Networks (ICCCN), 2013},
  
}

@inproceedings{ghodsi2011information,
  title={Information-centric networking: seeing the forest for the trees},
  author={Ghodsi, Ali and Shenker, Scott and Koponen, Teemu and Singla, Ankit and Raghavan, Barath and Wilcox, James},
  booktitle={Proceedings of the 10th ACM Workshop on Hot Topics in Networks},
  pages={1},
  year={2011},
  organization={ACM}
}

@article{burke2012authenticated,
  title={Authenticated lighting control using named data networking},
  author={Burke, J and Horn, A and Marianantoni, A},
  journal={University of California, Los Angeles, CA, NDN Technical Report NDN-0011},
  year={2012}
}

@inproceedings{chen2011copss,
  title={Copss: An efficient content oriented publish/subscribe system},
  author={Chen, Jiachen and Arumaithurai, Mayutan and Jiao, Lei and Fu, Xiaoming and Ramakrishnan, KK},
  booktitle={Seventh ACM/IEEE Symposium on Architectures for Networking and Communications Systems (ANCS), 2011},
 
}

@inproceedings{nelson2011gstar,
  title={GSTAR: generalized storage-aware routing for mobilityfirst in the future mobile internet},
  author={Nelson, Samuel C and Bhanage, Gautam and Raychaudhuri, Dipankar},
  booktitle={Proceedings of the sixth international workshop on MobiArch},
  pages={19--24},
  year={2011},
  organization={ACM}
}

@inproceedings{bronzino2013network,
  title={Network service abstractions for a mobility-centric future internet architecture},
  author={Bronzino, Francesco and Nagaraja, Kiran and Seskar, Ivan and Raychaudhuri, Dipankar},
  booktitle={Proceedings of the eighth ACM international workshop on Mobility in the evolving internet architecture},
  pages={5--10},
  year={2013},
  organization={ACM}
}

@inproceedings{haakenstad1999open,
  title={The open protocol standard for computerized building systems: BACnet},
  author={Haakenstad, Larry K},
  booktitle={Proceedings of the IEEE International Conference on Control Applications, 1999},
}


@book{lawrenz2013can,
  title={CAN system engineering},
  author={LAWRENZ., Wolfhard},
  year={2013},
  publisher={Springer}
}

@inproceedings{ghodsi2011naming,
  title={Naming in content-oriented architectures},
  author={Ghodsi, Ali and Koponen, Teemu and Rajahalme, Jarno and Sarolahti, Pasi and Shenker, Scott},
  booktitle={Proceedings of the ACM SIGCOMM workshop on Information-centric networking},
  pages={1--6},
  year={2011},
  organization={ACM}
}

@misc{ciscovisual,
  title={Cisco visual networking index: Global mobile data traffic forecast update},
  year={2009-2014},
  howpublished = "\url{http://www.cisco.com/c/en/us/solutions/collateral/service-provider/visual-networking-index-vni/white_paper_c11-520862.html}"
}

@misc{etsi,
  title={ETSI},
  howpublished = "\url{http://www.etsi.org/}"
}

@misc{core,
  title={Constrained RESTful Environments (CORE)},
  howpublished = "\url{https://datatracker.ietf.org/wg/core/charter/}"
}

@article{zhang2010named,
  title={Named Data Networking},
  author={Zhang, Lixia and Afanasyev, Alexander and Burke, Jeffrey and Jacobson, Van and Crowley, Patrick and Papadopoulos, Christos and Wang, Lan and Zhang, Beichuan},
  booktitle={NDN Technical Report},
  year={2010}
}

@article{raychaudhuri2012mobilityfirst,
  title={Mobilityfirst: a robust and trustworthy mobility-centric architecture for the future internet},
  author={Raychaudhuri, Dipankar and Nagaraja, Kiran and Venkataramani, Arun},
  journal={ACM SIGMOBILE Mobile Computing and Communications Review},
  year={2012},
}

@inproceedings{vu2012dmap,
  title={Dmap: A shared hosting scheme for dynamic identifier to locator mappings in the global internet},
  author={Vu, Tam and Baid, Akash and Zhang, Yanyong and Nguyen, Thu D and Fukuyama, Junichiro and Martin, Richard P and Raychaudhuri, Dipankar},
  booktitle={IEEE 32nd International Conference on Distributed Computing Systems (ICDCS), 2012},
}

@inproceedings{aytac2014mobi,
  Author = {Aytac Azgin and Ravishankar Ravindran and Guoqiang Wang},
   Title = {Mobility Study for Named Data Networking in Wireless Access Networks},
   intype = {to appear in },
   booktitle={International Conference on Communication, 2014},
  Eprint = {arXiv:1406.5521},
}





